<?xml version="1.0" encoding="UTF-8"?><collection xmlns="http://www.loc.gov/MARC21/slim"><record><leader>00570nam--2200181-i-4500</leader><controlfield tag="001">000015283</controlfield><controlfield tag="002">20161230</controlfield><controlfield tag="005">20161230201031</controlfield><controlfield tag="008">060222s1000------------r-----000-0-fre-d</controlfield><datafield ind1=" " ind2=" " tag="040"><subfield code="a">IFIN-HH</subfield></datafield><datafield ind1=" " ind2=" " tag="041"><subfield code="a">fre</subfield></datafield><datafield ind1=" " ind2=" " tag="080"><subfield code="a">539.199:531.19(043)</subfield></datafield><datafield ind1="1" ind2=" " tag="100"><subfield code="a">Duplantier, Bertrand</subfield></datafield><datafield ind1="1" ind2="0" tag="245"><subfield code="a">Contributions a l'etude des chaines polymeres: theorie lagrangienne tricritique - enlacements et contraintes topologiques</subfield><subfield code="b">These</subfield><subfield code="c">Bertrand duplantier</subfield></datafield><datafield ind1=" " ind2=" " tag="260"><subfield code="a">Paris</subfield><subfield code="b">Universite De Paris</subfield><subfield code="c">1982</subfield></datafield><datafield ind1=" " ind2=" " tag="300"><subfield code="a">264P</subfield></datafield><datafield ind1=" " ind2=" " tag="852"><subfield code="a">71891</subfield><subfield code="c">539.19</subfield></datafield><datafield ind1=" " ind2=" " tag="CAT"><subfield code="a">Sys</subfield><subfield code="c">20120717</subfield><subfield code="h">152256</subfield></datafield></record></collection>